@article{Ma2020,
  author = {Ma, Yilin and Han, Ruizhu and Wang, Weizhong},
  title = {Prediction Based Portfolio Optimization Models Using Deep Neural Networks},
  journal = {IEEE Access},
  year = {2020},
  volume = {8},
  pages = {115393--115405},
  issn = {2169-3536},
  doi = {10.1109/ACCESS.2020.3003819},
}
@article{Rong2007,
  author = {荣喜民 and 夏江山},
  title = {基于CVaR约束的指数组合优化模型及实证分析},
  journal = {数理统计与管理},
  volume = {26},
  number = {4},
  year = {2007}
}

@article{Huang2014,
  author = {黄金波 and 李仲飞 and 姚海祥},
  title = {基于CVaR核估计量的风险管理},
  journal = {管理科学学报},
  volume = {17},
  number = {3},
  pages = {49--59},
  year = {2014}
}

@article{Tong2021,
  author = {Tong, Li Jia and Shen, Jie and Xu, Na},
  title = {An Infeasible Incremental Bundle Method for Nonsmooth Optimization Problem Based on CVaR Portfolio},
  journal = {Complexity},
  year = {2021}
}

@article{Huang2022,
  author = {黄金波 and 吴莉莉 and 尤亦玲},
  title = {非对称laplace分布下的均值-VaR模型},
  journal = {中国管理科学},
  volume = {30},
  number = {5},
  pages = {31--40},
  year = {2022}
}